@book{cormen2009introduction,
  title={Introduction to Algorithms},
  author={Cormen, Thomas H. and Leiserson, Charles E. and Rivest, Ronald L. and Stein, Clifford},
  year={2009},
  edition={3rd},
  publisher={MIT Press},
  address={Cambridge, MA},
  pages={40--44}
}

@article{knuth1998art,
  title={The Art of Computer Programming: Volume 3: Sorting and Searching},
  author={Knuth, Donald E.},
  year={1998},
  publisher={Addison-Wesley Professional},
  pages={106--110}
}

@book{sedgewick2011algorithms,
  title={Algorithms},
  author={Sedgewick, Robert and Wayne, Kevin},
  year={2011},
  edition={4th},
  publisher={Addison-Wesley Professional},
  pages={250--253}
}
@article{jain1992comparison,
    title={A Comparison of Sorting Algorithms},
    author={Jain, Raj},
    journal={Computing Surveys},
    year={1992},
    volume={24},
    number={2},
    pages={87--91}
}
@article{williams1964algorithm,
  title={Algorithm 232: Heapsort},
  author={Williams, J. W. J.},
  journal={Communications of the ACM},
  volume={7},
  number={6},
  pages={347--348},
  year={1964}
}
@article{cook1980analysis,
  title={On the Minimum Computation Time of Functions},
  author={Cook, Stephen A. and Reckhow, Robert A.},
  journal={SIAM Journal on Computing},
  volume={9},
  number={3},
  pages={638--655},
  year={1980},
  publisher={SIAM}
}
@article{estivill1998empirical,
  title={An Empirical Comparison of Sorting and Selection Algorithms},
  author={Estivill-Castro, Vladimir and Wood, Derick},
  journal={Computing in Science \& Engineering},
  volume={2},
  number={3},
  pages={88--97},
  year={1998},
  publisher={IEEE}
}
@article{mahmoud2000analysis,
  title={Analysis of Selection Algorithms},
  author={Mahmoud, Hosam M.},
  journal={SIAM Review},
  volume={42},
  number={2},
  pages={167--197},
  year={2000},
  publisher={Society for Industrial and Applied Mathematics}
}
@incollection{knuth1998sorting,
  title={Sorting and Searching},
  author={Knuth, Donald E.},
  booktitle={The Art of Computer Programming},
  volume={3},
  edition={2nd},
  year={1998},
  publisher={Addison-Wesley},
  pages={138--141}
}